% Kilder med mere end én author skal separeres med ordet 'and' mellem ALLE authors
@misc{,
title = {},
author = {},
month = {},
year = {},
note = {\url{}}
}

@misc{nfczonen,
title = {NTAG203 38 mm klistermærke},
author = {nfczonen},
month = {},
year = {},
note = {\url{http://www.nfczonen.dk/ntag203-38-mm-klistermaeligrke-p-29.html?zenid=15delmucs2kled1l2en8nj90v6 }}
}

@misc{mercatorexplain,
title = {Mercator projection explained},
author = {University of British Columbia},
month = {January},
year = {2003},
note = {\url{http://www.math.ubc.ca/~israel/m103/mercator/mercator.html}}
}

@misc{mercatorworld,
title = {Mercator projection world},
author = {University of Alabama.},
month = {},
year = {},
note = {\url{http://alabamamaps.ua.edu/contemporarymaps/world/world/}}
}

@misc{ndefformat,
title = {About the NDEF Format},
author = {Ladyada},
month = {},
year = {},
note = {\url{http://learn.adafruit.com/adafruit-pn532-rfid-nfc/ndef}}
}

@misc{qrversion,
title = {Information capacity and versions of the QR Code},
author = {Denso Wave Incorporated},
month = {},
year = {},
note = {\url{http://www.qrcode.com/en/about/version.html}}
}


@misc{qrcode1,
title = {QR Code},
author = {Wikipedia},
month = {},
year = {},
note = {\url{http://en.wikipedia.org/wiki/QR_code
}}
}


@misc{qrcode,
title = {What is a QR Code?},
author = {Denso Wave Incorporated},
month = {},
year = {},
note = {\url{http://www.qrcode.com/en/about/
}}
}

@misc{fragment,
title = {Fragments},
author = {Android},
month = {November},
year = {2013},
note = {\url{http://developer.android.com/guide/components/fragments.html}}
}

@misc{activity,
title = {Activity},
author = {Android},
day = {11th},
month = {November},
year = {2013},
note = {\url{http://developer.android.com/reference/android/app/Activity.html}}
}

@misc{ndef,
title = {Understanding NFC Data Exchange Format (NDEF) messages},
author = {Nokia Developer},
day = {27th},
month = {November},
year = {2012},
note = {\url{http://developer.nokia.com/Community/Wiki/Understanding_NFC_Data_Exchange_Format_(NDEF)_messages}}
}

@misc{phpunit,
title = {The PHP Unit Testing framework.},
author = {Sebastian Bergmann},
day = {11th},
month = {December},
year = {2013},
note = {https://github.com/sebastianbergmann/phpunit}
}

@misc{ndeftools,
title = {NDEF Tools for Android},
author = {Thomas Skjolberg},
month = {November},
year = {2013},
note = {\url{https://code.google.com/p/ndef-tools-for-android/}}
}

@misc{foregroundDispatch,
title = {Foreground Dispatch System},
author = {Android Developer},
month = {November},
year = {2013},
note = {\url{http://developer.android.com/guide/topics/connectivity/nfc/advanced-nfc.html#foreground-dispatch}}
}

@misc{nfcinfo,
title = {NFC Tags Explained},
author = {Kimtag},
year = {2013},
note = {\url{http://kimtag.com/s/nfc_tags}}
}


@misc{nfccap,
title = {How To Use NFC Tags - Should I Store Data or Link To It?},
author = {rapidnfc.com},
day = {22nd},
month = {May},
year = {2013},
note = {\url{http://rapidnfc.com/blog/77/how_to_use_nfc_tags_should_i_store_data_or_link_to_it}}
}



@Book{rtsbog,
title = {Real-Time Embedded Systems: Open-Source Operating Systems Perspective},
publisher = {CRC Press},
author = {Ivan Cibrario Bertolotti and Gabriele Manduchi},
year = {2012},
isbn = {978-1-4398-4161-7}
}% eksempel, må gerne slettes

@misc{OSEK,
title = {{OSEK}/{VDX}: Driving the standard for optimized embedded systems},
author = {Michael O'Donell},
month = {Winter},
year = {2003},
note = {\url{http://embedded-computing.com/pdfs/Metrowerks.Win03.pdf}}
}% eksempel, må gerne slettes

@InBook{esc8,
author = {Rajesh Rajamani},
title = {Vehicle Dynamics and Control},
chapter = {8},
publisher = {Springer US}},
year = {2012},
isbn = {978-1-4614-1433-9},
pages = {201-240}
}% eksempel, må gerne slettes

@Article{eldiff,
author = {K. Hartani and M. Bourahla and Y. Miloud and M. Sekkour},
title = {Direct torque control of an electronic differential for electric  vehicle with separate wheel drives},
journal = {JASE},
year = {2008}
}% eksempel, må gerne slettes
